% ------------------------------------------------------------------------
% BIBLIOGRAFIA
% ------------------------------------------------------------------------

@BOOK{legierski,
  AUTHOR =       {Tadeusz Legierski AND Janusz Wyrwał AND Jerzy Kasprzyk AND Janusz Hajda},
  TITLE =        {Programowanie Sterowników PLC},
  PUBLISHER =    {Wydawnictwo Pracowni Komputerowej Jacka Skalmierskiego},
  LOCATION = 	 {Gliwice},
  YEAR =         {1998},
}

@online{www1,
  TITLE =        {Strona internetowa Android Studio},
  URL =    		 {https://developer.android.com/studio},
  URLDATE =		 {2023-12-11}
}

@online{www2,
	TITLE =        {Strona internetowa Android Studio-archiwum},
	URL =    		 {https://developer.android.com/studio/archive},
	URLDATE =		 {2023-12-11}
}
